@article{yeung2018,
    author = {Yeung, Karen},
    year = {2018},
    title = {Algorithmic regulation: A critical interrogation},
    journal = {Regulation \& Governance},
    volume = {12},
    number = {4},
    pages = {505--523}
}

@article{zarsky2016,
    author = {Zarsky, Tal Z.},
    year = {2016},
    title = {The Trouble with Algorithmic Decisions: An Analytic Road Map to Examine Efficiency and Fairness in Automated and Opaque Decision Making},
    journal = {Science, Technology, \& Human Values},
    volume = {41},
    number = {1},
    pages = {118--132}
}

@book{winner1980,
    author = {Winner, Langdon},
    year = {1980},
    title = {Do Artifacts Have Politics?},
    publisher = {Daedalus},
    volume = {109},
    number = {1},
    pages = {121--136}
}

@article{citron2014,
    author = {Citron, Danielle Keats and Pasquale, Frank},
    year = {2014},
    title = {The Scored Society: Due Process for Automated Predictions},
    journal = {Washington Law Review},
    volume = {89},
    pages = {1--33}
}

@article{matthias2004,
    author = {Matthias, Andreas},
    year = {2004},
    title = {The responsibility gap: Ascribing responsibility for the actions of learning automata},
    journal = {Ethics and Information Technology},
    volume = {6},
    number = {3},
    pages = {175--183}
}

@article{ananny2018,
    author = {Ananny, Mike and Crawford, Kate},
    year = {2018},
    title = {Seeing without knowing: Limitations of the transparency ideal and its application to algorithmic accountability},
    journal = {New Media \& Society},
    volume = {20},
    number = {3},
    pages = {973--989}
}

@book{kearns2019,
    author = {Kearns, Michael and Roth, Aaron},
    year = {2019},
    title = {The Ethical Algorithm: The Science of Socially Aware Algorithm Design},
    publisher = {Oxford University Press}
}

@article{friedman2019,
    author = {Friedman, Batya and Hendry, David G. and Borning, Alan},
    year = {2019},
    title = {A Survey of Value Sensitive Design Methods},
    journal = {Foundations and Trends in Human-Computer Interaction},
    volume = {11},
    number = {2},
    pages = {63--125}
}

@book{freeman2010,
    author = {Freeman, R. Edward},
    year = {2010},
    title = {Strategic Management: A Stakeholder Approach},
    publisher = {Cambridge University Press}
}

@article{ieee2019,
    author = {{IEEE Global Initiative}},
    year = {2019},
    title = {Ethically Aligned Design: A Vision for Prioritizing Human Well-being with Autonomous and Intelligent Systems},
    journal = {IEEE Standards Association},
    volume = {1}
}

@article{floridi2018,
    author = {Floridi, Luciano and Cowls, Josh},
    year = {2018},
    title = {A Unified Framework of Five Principles for AI in Society},
    journal = {Harvard Data Science Review},
    volume = {1},
    number = {1}
}

@book{berlin1969,
    author = {Berlin, Isaiah},
    year = {1969},
    title = {Four Essays on Liberty},
    publisher = {Oxford University Press}
}

@book{taylor1989,
    author = {Taylor, Charles},
    year = {1989},
    title = {Sources of the Self: The Making of the Modern Identity},
    publisher = {Harvard University Press}
}

@book{macintyre1981,
    author = {MacIntyre, Alasdair},
    year = {1981},
    title = {After Virtue: A Study in Moral Theory},
    publisher = {University of Notre Dame Press}
}

@book{rawls1971,
    author = {Rawls, John},
    year = {1971},
    title = {A Theory of Justice},
    publisher = {Harvard University Press}
}

@book{nissenbaum2010,
    author = {Nissenbaum, Helen},
    year = {2010},
    title = {Privacy in Context: Technology, Policy, and the Integrity of Social Life},
    publisher = {Stanford University Press}
}

@article{verbeek2011,
    author = {Verbeek, Peter-Paul},
    year = {2011},
    title = {Moralizing Technology: Understanding and Designing the Morality of Things},
    journal = {University of Chicago Press}
}

@book{selbst2019,
    author = {Selbst, Andrew D. and Boyd, Danah and Friedler, Sorelle A. and Venkatasubramanian, Suresh and Vertesi, Janet},
    year = {2019},
    title = {Fairness and Abstraction in Sociotechnical Systems},
    booktitle = {Proceedings of the Conference on Fairness, Accountability, and Transparency},
    pages = {59--68},
    publisher = {ACM}
}

@book{latour2005,
    author = {Latour, Bruno},
    year = {2005},
    title = {Reassembling the Social: An Introduction to Actor-Network-Theory},
    publisher = {Oxford University Press}
}

@article{johnson2005,
    author = {Johnson, Deborah G.},
    year = {2005},
    title = {Computer systems: Moral entities but not moral agents},
    journal = {Ethics and Information Technology},
    volume = {8},
    number = {4},
    pages = {195--204}
}

@book{dennett1987,
    author = {Dennett, Daniel C.},
    year = {1987},
    title = {The Intentional Stance},
    publisher = {MIT Press}
}

@article{frankfurt1971,
    author = {Frankfurt, Harry G.},
    year = {1971},
    title = {Freedom of the Will and the Concept of a Person},
    journal = {The Journal of Philosophy},
    volume = {68},
    number = {1},
    pages = {5--20}
}

@book{bratman1987,
    author = {Bratman, Michael E.},
    year = {1987},
    title = {Intention, Plans, and Practical Reason},
    publisher = {Harvard University Press}
}

@book{giddens1984,
    author = {Giddens, Anthony},
    year = {1984},
    title = {The Constitution of Society: Outline of the Theory of Structuration},
    publisher = {University of California Press}
}

@book{dewey1922,
    author = {Dewey, John},
    year = {1922},
    title = {Human Nature and Conduct: An Introduction to Social Psychology},
    publisher = {Henry Holt and Company}
}

@article{vandenhoven2013,
    author = {van den Hoven, Jeroen and Vermaas, Pieter E. and van de Poel, Ibo},
    year = {2013},
    title = {Handbook of Ethics, Values, and Technological Design},
    journal = {Springer},
    pages = {1--875}
}

@article{dignum2019,
    author = {Dignum, Virginia},
    year = {2019},
    title = {Responsible Artificial Intelligence: How to Develop and Use AI in a Responsible Way},
    journal = {Springer Nature}
}

@article{anthropic2024claude,
    author = {{Anthropic}},
    year = {2024},
    title = {Claude: A State-of-the-Art AI Assistant},
    journal = {Anthropic Research},
    note = {https://www.anthropic.com/claude}
}

@misc{cursor2024ide,
    author = {{Cursor}},
    year = {2024},
    title = {Cursor: The AI-First Code Editor},
    howpublished = {\url{https://cursor.sh}},
    note = {Accessed: 2024-04-01}
}

@article{mandershuits2011,
    author = {Manders-Huits, NoÃ«mi},
    year = {2011},
    title = {What Values in Design? The Challenge of Incorporating Moral Values into Design},
    journal = {Science and Engineering Ethics},
    volume = {17},
    number = {2},
    pages = {271--287}
}

@article{introna2007,
    author = {Introna, Lucas D.},
    year = {2007},
    title = {Maintaining the reversibility of foldings: Making the ethics (politics) of information technology visible},
    journal = {Ethics and Information Technology},
    volume = {9},
    number = {1},
    pages = {11--25}
}

@article{simon2015,
    author = {Simon, Judith},
    year = {2015},
    title = {Value-Sensitive Design and Responsible Research and Innovation},
    journal = {The Ethics of Technology: Methods and Approaches},
    pages = {219--235}
}

@article{orlikowski2007,
    author = {Orlikowski, Wanda J.},
    year = {2007},
    title = {Sociomaterial Practices: Exploring Technology at Work},
    journal = {Organization Studies},
    volume = {28},
    number = {9},
    pages = {1435--1448}
}

@article{barocas2016,
    author = {Barocas, Solon and Selbst, Andrew D.},
    year = {2016},
    title = {Big Data's Disparate Impact},
    journal = {California Law Review},
    volume = {104},
    pages = {671--732}
}

@article{pasquale2015,
    author = {Pasquale, Frank},
    year = {2015},
    title = {The Black Box Society: The Secret Algorithms That Control Money and Information},
    journal = {Harvard University Press}
}

@article{mitchell1997,
    author = {Mitchell, Ronald K. and Agle, Bradley R. and Wood, Donna J.},
    year = {1997},
    title = {Toward a Theory of Stakeholder Identification and Salience: Defining the Principle of Who and What Really Counts},
    journal = {Academy of Management Review},
    volume = {22},
    number = {4},
    pages = {853--886}
}

@article{donaldson1995,
    author = {Donaldson, Thomas and Preston, Lee E.},
    year = {1995},
    title = {The Stakeholder Theory of the Corporation: Concepts, Evidence, and Implications},
    journal = {Academy of Management Review},
    volume = {20},
    number = {1},
    pages = {65--91}
}

@article{law1992,
    author = {Law, John},
    year = {1992},
    title = {Notes on the Theory of the Actor-Network: Ordering, Strategy, and Heterogeneity},
    journal = {Systems Practice},
    volume = {5},
    number = {4},
    pages = {379--393}
}

@article{suchman2007,
    author = {Suchman, Lucy},
    year = {2007},
    title = {Human-Machine Reconfigurations: Plans and Situated Actions},
    journal = {Cambridge University Press}
}

@article{callon1984,
    author = {Callon, Michel},
    year = {1984},
    title = {Some Elements of a Sociology of Translation: Domestication of the Scallops and the Fishermen of St Brieuc Bay},
    journal = {The Sociological Review},
    volume = {32},
    number = {1\_suppl},
    pages = {196--233}
}

@article{tsoukas2002,
    author = {Tsoukas, Haridimos and Chia, Robert},
    year = {2002},
    title = {On Organizational Becoming: Rethinking Organizational Change},
    journal = {Organization Science},
    volume = {13},
    number = {5},
    pages = {567--582}
}

@book{senge1990,
    author = {Senge, Peter M.},
    year = {1990},
    title = {The Fifth Discipline: The Art and Practice of the Learning Organization},
    publisher = {Doubleday}
}

@article{march1991,
    author = {March, James G.},
    year = {1991},
    title = {Exploration and Exploitation in Organizational Learning},
    journal = {Organization Science},
    volume = {2},
    number = {1},
    pages = {71--87}
}

@book{argyris1978,
    author = {Argyris, Chris and SchÃ¶n, Donald A.},
    year = {1978},
    title = {Organizational Learning: A Theory of Action Perspective},
    publisher = {Addison-Wesley}
}

@book{kolb1984,
    author = {Kolb, David A.},
    year = {1984},
    title = {Experiential Learning: Experience as the Source of Learning and Development},
    publisher = {Prentice-Hall}
}

@article{chung2019,
    author = {Chung, Hyunji and Iorga, Michaela and Voas, Jeffrey and Lee, Sangjin},
    year = {2019},
    title = {Alexa, Can I Trust You?},
    journal = {Computer},
    volume = {52},
    number = {7},
    pages = {46--51}
}

@article{sittig2010,
    author = {Sittig, Dean F. and Singh, Hardeep},
    year = {2010},
    title = {A New Sociotechnical Model for Studying Health Information Technology in Complex Adaptive Healthcare Systems},
    journal = {Quality and Safety in Health Care},
    volume = {19},
    number = {Suppl 3},
    pages = {i68--i74}
}

@article{wears2005,
    author = {Wears, Robert L. and Berg, Marc},
    year = {2005},
    title = {Computer Technology and Clinical Work: Still Waiting for Godot},
    journal = {JAMA},
    volume = {293},
    number = {10},
    pages = {1261--1263}
}

@article{bates2003,
    author = {Bates, David W. and Kuperman, Gil J. and Wang, Samuel and Gandhi, Tejal and Kittler, Anne and Volk, Lynn and Spurr, Cynthia and Khorasani, Ramin and Tanasijevic, Milenko and Middleton, Blackford},
    year = {2003},
    title = {Ten Commandments for Effective Clinical Decision Support: Making the Practice of Evidence-based Medicine a Reality},
    journal = {Journal of the American Medical Informatics Association},
    volume = {10},
    number = {6},
    pages = {523--530}
}

@article{ash2004,
    author = {Ash, Joan S. and Berg, Marc and Coiera, Enrico},
    year = {2004},
    title = {Some Unintended Consequences of Information Technology in Health Care: The Nature of Patient Care Information System-related Errors},
    journal = {Journal of the American Medical Informatics Association},
    volume = {11},
    number = {2},
    pages = {104--112}
}

@article{mackenzie2006,
    author = {MacKenzie, Donald},
    year = {2006},
    title = {An Engine, Not a Camera: How Financial Models Shape Markets},
    journal = {MIT Press}
}

@article{coeckelbergh2015,
    author = {Coeckelbergh, Mark},
    year = {2015},
    title = {Money Machines: Electronic Financial Technologies, Distancing, and Responsibility in Global Finance},
    journal = {Ashgate}
}

@article{davenport2007,
    author = {Davenport, Thomas H. and Harris, Jeanne G.},
    year = {2007},
    title = {Competing on Analytics: The New Science of Winning},
    journal = {Harvard Business Press}
}

@article{lee2004,
    author = {Lee, Hau L.},
    year = {2004},
    title = {The Triple-A Supply Chain},
    journal = {Harvard Business Review},
    volume = {82},
    number = {10},
    pages = {102--112}
}

@book{chopra2013,
    author = {Chopra, Sunil and Meindl, Peter},
    year = {2013},
    title = {Supply Chain Management: Strategy, Planning, and Operation},
    publisher = {Pearson}
}

@article{seuring2008,
    author = {Seuring, Stefan and MÃ¼ller, Martin},
    year = {2008},
    title = {From a Literature Review to a Conceptual Framework for Sustainable Supply Chain Management},
    journal = {Journal of Cleaner Production},
    volume = {16},
    number = {15},
    pages = {1699--1710}
}

@article{sarkis2003,
    author = {Sarkis, Joseph},
    year = {2003},
    title = {A Strategic Decision Framework for Green Supply Chain Management},
    journal = {Journal of Cleaner Production},
    volume = {11},
    number = {4},
    pages = {397--409}
}

@article{gold2010,
    author = {Gold, Stefan and Seuring, Stefan and Beske, Philip},
    year = {2010},
    title = {Sustainable Supply Chain Management and Inter-Organizational Resources: A Literature Review},
    journal = {Corporate Social Responsibility and Environmental Management},
    volume = {17},
    number = {4},
    pages = {230--245}
}

@article{eisenhardt1989,
    author = {Eisenhardt, Kathleen M.},
    year = {1989},
    title = {Building Theories from Case Study Research},
    journal = {Academy of Management Review},
    volume = {14},
    number = {4},
    pages = {532--550}
}

@book{yin2018,
    author = {Yin, Robert K.},
    year = {2018},
    title = {Case Study Research and Applications: Design and Methods},
    publisher = {Sage Publications}
}

@book{miles2014,
    author = {Miles, Matthew B. and Huberman, A. Michael and SaldaÃ±a, Johnny},
    year = {2014},
    title = {Qualitative Data Analysis: A Methods Sourcebook},
    publisher = {Sage Publications}
}

@article{stake2005,
    author = {Stake, Robert E.},
    year = {2005},
    title = {Qualitative Case Studies},
    journal = {The Sage Handbook of Qualitative Research},
    pages = {443--466}
}

@article{pagell2009,
    author = {Pagell, Mark and Wu, Zhaohui},
    year = {2009},
    title = {Building a More Complete Theory of Sustainable Supply Chain Management Using Case Studies of 10 Exemplars},
    journal = {Journal of Supply Chain Management},
    volume = {45},
    number = {2},
    pages = {37--56}
}

@article{george2005,
    author = {George, Alexander L. and Bennett, Andrew},
    year = {2005},
    title = {Case Studies and Theory Development in the Social Sciences},
    journal = {MIT Press}
}

@book{ragin1987,
    author = {Ragin, Charles C.},
    year = {1987},
    title = {The Comparative Method: Moving Beyond Qualitative and Quantitative Strategies},
    publisher = {University of California Press}
}

@book{singer1979,
    author = {Singer, Peter},
    year = {1979},
    title = {Practical Ethics},
    publisher = {Cambridge University Press}
}

@book{kant1785,
    author = {Kant, Immanuel},
    year = {1785},
    title = {Groundwork of the Metaphysics of Morals},
    publisher = {Cambridge University Press},
    note = {Translated and edited by Mary Gregor, 1998}
}

@book{hutchins1995,
    author = {Hutchins, Edwin},
    year = {1995},
    title = {Cognition in the Wild},
    publisher = {MIT Press}
}

@book{varela1991,
    author = {Varela, Francisco J. and Thompson, Evan and Rosch, Eleanor},
    year = {1991},
    title = {The Embodied Mind: Cognitive Science and Human Experience},
    publisher = {MIT Press}
}

@book{wimsatt2007,
    author = {Wimsatt, William C.},
    year = {2007},
    title = {Re-Engineering Philosophy for Limited Beings: Piecewise Approximations to Reality},
    publisher = {Harvard University Press}
}

@book{jasanoff2004,
    author = {Jasanoff, Sheila},
    year = {2004},
    title = {States of Knowledge: The Co-Production of Science and Social Order},
    publisher = {Routledge}
}

@book{brey2010,
    author = {Brey, Philip},
    year = {2010},
    title = {Values in Technology and Disclosive Computer Ethics},
    booktitle = {The Cambridge Handbook of Information and Computer Ethics},
    publisher = {Cambridge University Press},
    pages = {41--58}
}

@article{friedman2008,
    author = {Friedman, Batya and Kahn Jr, Peter H. and Borning, Alan},
    year = {2008},
    title = {Value Sensitive Design and Information Systems},
    journal = {The Handbook of Information and Computer Ethics},
    pages = {69--101}
}

@article{vandepoel2013,
    author = {van de Poel, Ibo},
    year = {2013},
    title = {Translating Values into Design Requirements},
    journal = {Philosophy and Engineering: Reflections on Practice, Principles and Process},
    pages = {253--266}
} 