@book{wittgenstein1953philosophical,
  title={Philosophical Investigations},
  author={Wittgenstein, Ludwig},
  year={1953},
  publisher={Macmillan}
}

@book{wittgenstein1922tractatus,
  title={Tractatus Logico-Philosophicus},
  author={Wittgenstein, Ludwig},
  year={1922},
  publisher={Routledge \& Kegan Paul}
}

@article{shannon1948mathematical,
  title={A mathematical theory of communication},
  author={Shannon, Claude E},
  journal={The Bell System Technical Journal},
  volume={27},
  number={3},
  pages={379--423},
  year={1948},
  publisher={Nokia Bell Labs}
}

@book{blau1964exchange,
  title={Exchange and power in social life},
  author={Blau, Peter M},
  year={1964},
  publisher={John Wiley \& Sons}
}

@book{smith1776wealth,
  title={The Wealth of Nations},
  author={Smith, Adam},
  year={1776},
  publisher={W. Strahan and T. Cadell}
}

% Add more references as needed 