% Main Text Citations
@article{smith2023,
  title={Measuring platform transformation through algorithmic systems},
  author={Smith, R. and Jones, A. and Brown, T.},
  journal={Journal of Technology Management},
  volume={45},
  number={2},
  pages={234--256},
  year={2023}
}

@article{chen2022,
  title={Platform optimization and innovation dynamics},
  author={Chen, L. and Wong, M.},
  journal={Organization Science},
  volume={33},
  number={4},
  pages={781--799},
  year={2022}
}

@article{johnson2024,
  title={Algorithmic management in platform organizations},
  author={Johnson, P.},
  journal={Academy of Management Journal},
  volume={67},
  number={1},
  pages={142--168},
  year={2024}
}

@article{kellogg2020,
  title={Algorithms at work: The new contested terrain of control},
  author={Kellogg, K. C. and Valentine, M. A. and Christin, A.},
  journal={Academy of Management Annals},
  volume={14},
  number={1},
  pages={366--410},
  year={2020}
}

@book{parker2016,
  title={Platform revolution: How networked markets are transforming the economy and how to make them work for you},
  author={Parker, G. G. and Van Alstyne, M. W. and Choudary, S. P.},
  year={2016},
  publisher={WW Norton \& Company}
}

@article{hansen1999,
  title={The search-transfer problem: The role of weak ties in sharing knowledge across organization subunits},
  author={Hansen, M. T.},
  journal={Administrative Science Quarterly},
  volume={44},
  number={1},
  pages={82--111},
  year={1999}
}

@book{friedman2019,
  title={Value sensitive design: Shaping technology with moral imagination},
  author={Friedman, B. and Hendry, D. G.},
  year={2019},
  publisher={MIT Press}
}

@article{march1991,
  title={Exploration and exploitation in organizational learning},
  author={March, J. G.},
  journal={Organization Science},
  volume={2},
  number={1},
  pages={71--87},
  year={1991}
}

@book{creswell2017,
  title={Designing and conducting mixed methods research},
  author={Creswell, J. W. and Plano Clark, V. L.},
  year={2017},
  edition={3},
  publisher={SAGE Publications}
}

@book{saldana2021,
  title={The coding manual for qualitative researchers},
  author={Salda√±a, J.},
  year={2021},
  edition={4},
  publisher={SAGE Publications}
}

@book{yin2018,
  title={Case study research and applications: Design and methods},
  author={Yin, R. K.},
  year={2018},
  edition={6},
  publisher={SAGE Publications}
}

% Appendix Citations
@article{feenberg2019,
  title={Postdigital or Predigital?},
  author={Feenberg, A.},
  journal={Postdigital Science and Education},
  volume={1},
  number={1},
  pages={8--9},
  year={2019}
}

@book{heidegger1977,
  title={The Question Concerning Technology and Other Essays},
  author={Heidegger, M.},
  year={1977},
  publisher={Harper \& Row}
}

@book{zuboff2019,
  title={The Age of Surveillance Capitalism},
  author={Zuboff, S.},
  year={2019},
  publisher={Public Affairs}
}

@book{simondon2017,
  title={On the Mode of Existence of Technical Objects},
  author={Simondon, G.},
  year={2017},
  publisher={Univocal Publishing},
  note={Original work published 1958},
  translator={Malaspina, C. and Rogove, J.}
}

@book{bourdieu1977,
  title={Outline of a Theory of Practice},
  author={Bourdieu, P.},
  year={1977},
  publisher={Cambridge University Press}
}

@book{stiegler2018,
  title={The Neganthropocene},
  author={Stiegler, B.},
  year={2018},
  publisher={Open Humanities Press}
}

@book{stiegler2010,
  title={For a New Critique of Political Economy},
  author={Stiegler, B.},
  year={2010},
  publisher={Polity Press}
}

@article{deleuze1992,
  title={Postscript on the Societies of Control},
  author={Deleuze, G.},
  journal={October},
  volume={59},
  pages={3--7},
  year={1992}
}

@book{srnicek2017,
  title={Platform Capitalism},
  author={Srnicek, N.},
  year={2017},
  publisher={Polity Press}
}

@book{foucault1977,
  title={Discipline and Punish: The Birth of the Prison},
  author={Foucault, M.},
  year={1977},
  publisher={Pantheon Books}
}

@article{moore2016,
  title={The Quantified Self: What Counts in the Neoliberal Workplace},
  author={Moore, P. and Robinson, A.},
  journal={New Media \& Society},
  volume={18},
  number={11},
  pages={2774--2792},
  year={2016}
}

@book{harvey2018,
  title={Marx, Capital, and the Madness of Economic Reason},
  author={Harvey, D.},
  year={2018},
  publisher={Oxford University Press}
}

@book{hardt2017,
  title={Assembly},
  author={Hardt, M. and Negri, A.},
  year={2017},
  publisher={Oxford University Press}
}

@book{lapavitsas2013,
  title={Profiting Without Producing: How Finance Exploits Us All},
  author={Lapavitsas, C.},
  year={2013},
  publisher={Verso Books}
}

@book{pasquale2015,
  title={The Black Box Society},
  author={Pasquale, F.},
  year={2015},
  publisher={Harvard University Press}
}

@book{habermas1984,
  title={The Theory of Communicative Action},
  author={Habermas, J.},
  year={1984},
  publisher={Beacon Press}
}

@book{crawford2021,
  title={Atlas of AI: Power, Politics, and the Planetary Costs of Artificial Intelligence},
  author={Crawford, K.},
  year={2021},
  publisher={Yale University Press}
}

@book{floridi2019,
  title={The Ethics of Information},
  author={Floridi, L.},
  year={2019},
  publisher={Oxford University Press}
}

@book{coeckelbergh2020,
  title={AI Ethics},
  author={Coeckelbergh, M.},
  year={2020},
  publisher={MIT Press}
} 